<?xml version="1.0" encoding="UTF-8"?><collection xmlns="http://www.loc.gov/MARC21/slim"><record><leader>00563nam--2200181-i-4500</leader><controlfield tag="001">000000105</controlfield><controlfield tag="002">20161230</controlfield><controlfield tag="005">20161230201023</controlfield><controlfield tag="008">060222s1000------------r-----000-0-rum-d</controlfield><datafield ind1=" " ind2=" " tag="040"><subfield code="a">IFIN-HH</subfield></datafield><datafield ind1=" " ind2=" " tag="041"><subfield code="a">rum</subfield></datafield><datafield ind1=" " ind2=" " tag="080"><subfield code="a">53.002:62(061.3)</subfield></datafield><datafield ind1="1" ind2=" " tag="110"><subfield code="a">Institutul Central De Fizica, Magurele</subfield></datafield><datafield ind1="1" ind2="0" tag="245"><subfield code="a">Fizica si industria. sesiune de comunicari stiintifice organizata la centrul national de fizica. 16-17 octombrei 1978</subfield></datafield><datafield ind1=" " ind2=" " tag="260"><subfield code="a">Bucuresti</subfield><subfield code="b">Institutul Central De Fizica</subfield><subfield code="c">1978</subfield></datafield><datafield ind1=" " ind2=" " tag="300"><subfield code="a">107 P</subfield></datafield><datafield ind1=" " ind2=" " tag="852"><subfield code="a">47000</subfield><subfield code="c">53</subfield></datafield><datafield ind1=" " ind2=" " tag="CAT"><subfield code="a">Sys</subfield><subfield code="c">20150325</subfield><subfield code="h">153222</subfield></datafield></record></collection>